<?xml version="1.0" encoding="UTF-8"?>
<marc:collection xmlns:marc="http://www.loc.gov/MARC21/slim" xmlns:xsi="http://www.w3.org/2001/XMLSchema-instance" xsi:schemaLocation="http://www.loc.gov/MARC21/slim http://www.loc.gov/standards/marcxml/schema/MARC21slim.xsd">
   <marc:record type="Bibliographic">
      <marc:leader>00773cam a22001935  4500</marc:leader>
      <marc:controlfield tag="001">1513671</marc:controlfield>
      <marc:controlfield tag="003">NjP</marc:controlfield>
      <marc:controlfield tag="005">20170613155105.0</marc:controlfield>
      <marc:controlfield tag="008">991208s1946    ua            000 0 ara d</marc:controlfield>
      <marc:datafield tag="024" ind1="7" ind2=" ">
         <marc:subfield code="a">princeton_aco001394</marc:subfield>
         <marc:subfield code="2">local</marc:subfield>
      </marc:datafield>
      <marc:datafield tag="035" ind1=" " ind2=" ">
         <marc:subfield code="a">(OCoLC)ocm42951581</marc:subfield>
      </marc:datafield>
      <marc:datafield tag="035" ind1=" " ind2=" ">
         <marc:subfield code="9">CER9967TS</marc:subfield>
      </marc:datafield>
      <marc:datafield tag="040" ind1=" " ind2=" ">
         <marc:subfield code="a">PUL</marc:subfield>
         <marc:subfield code="c">PUL</marc:subfield>
      </marc:datafield>
      <marc:datafield tag="100" ind1="0" ind2=" ">
         <marc:subfield code="a">Muḥammad ibn ʻAbd al-Wahhāb,</marc:subfield>
         <marc:subfield code="d">1703 or 1704-1792.</marc:subfield>
         <marc:subfield code="0">http://id.loc.gov/authorities/names/n82221616</marc:subfield>
      </marc:datafield>
      <marc:datafield tag="245" ind1="0" ind2="3">
         <marc:subfield code="a">al-Uṣūl al-thalāthah wa-adillatuhā,</marc:subfield>
         <marc:subfield code="b">wa-yalīhā shurūṭ al-ṣalāh ... bi-taʻlīq aḥad afāḍil al-ʻulamāʾ;</marc:subfield>
         <marc:subfield code="c">rājaʻahā ... Aḥmad Muḥammad Shākir.</marc:subfield>
      </marc:datafield>
      <marc:datafield tag="260" ind1=" " ind2=" ">
         <marc:subfield code="a">Cairo,</marc:subfield>
         <marc:subfield code="b">Dār al-Maʻārif</marc:subfield>
         <marc:subfield code="c">[1946]</marc:subfield>
      </marc:datafield>
      <marc:datafield tag="300" ind1=" " ind2=" ">
         <marc:subfield code="a">43 p.</marc:subfield>
         <marc:subfield code="c">20 cm.</marc:subfield>
      </marc:datafield>
      <marc:datafield tag="546" ind1=" " ind2=" ">
         <marc:subfield code="a">In Arabic.</marc:subfield>
      </marc:datafield>
      <marc:datafield tag="852" ind1="0" ind2=" ">
         <marc:subfield code="b">nec</marc:subfield>
         <marc:subfield code="h">BP188</marc:subfield>
         <marc:subfield code="i">.M843 1946</marc:subfield>
         <marc:subfield code="p">1740830</marc:subfield>
         <marc:subfield code="x">reclassed from: 2272.665455.392.1946</marc:subfield>
      </marc:datafield>
      <marc:datafield tag="947" ind1=" " ind2=" ">
         <marc:subfield code="a">CER9967</marc:subfield>
      </marc:datafield>
      <marc:datafield tag="911" ind1=" " ind2=" ">
         <marc:subfield code="a">20000220</marc:subfield>
      </marc:datafield>
   </marc:record>
</marc:collection>
